<?xml version="1.0" encoding="UTF-8"?><collection xmlns="http://www.loc.gov/MARC21/slim"><record><leader>00375nam--2200133-i-4500</leader><controlfield tag="001">000035367</controlfield><controlfield tag="002">20161230</controlfield><controlfield tag="005">20161230201040</controlfield><controlfield tag="008">060222s1000------------r-----000-0-eng-d</controlfield><datafield ind1=" " ind2=" " tag="080"><subfield code="a">061.3:543.51:621.384.8</subfield></datafield><datafield ind1=" " ind2=" " tag="100"><subfield code="a">Ogata, Koreichi And Hayakawa, Teruo</subfield></datafield><datafield ind1=" " ind2=" " tag="245"><subfield code="a">Recent developments in mass spectroscopy</subfield></datafield><datafield ind1=" " ind2=" " tag="260"><subfield code="a">Tokyo, Univ.Of Tokyo Press, 1970, 1324p</subfield></datafield><datafield ind1=" " ind2=" " tag="852"><subfield code="a">38705</subfield></datafield></record></collection>